
    <zs:record>
      <zs:recordSchema/>
      <zs:recordPacking>xml</zs:recordPacking>
      <zs:recordData>
        <record xmlns="http://www.loc.gov/MARC21/slim">
          <leader>00926cam a22002411  4500</leader>
          <controlfield tag="001">272949</controlfield>
          <controlfield tag="005">19910103171837.7</controlfield>
          <controlfield tag="008">841129s1906    enkc          000 0beng  </controlfield>
          <datafield tag="035" ind1=" " ind2=" ">
            <subfield code="9">(DLC)   07011038</subfield>
          </datafield>
          <datafield tag="906" ind1=" " ind2=" ">
            <subfield code="a">7</subfield>
            <subfield code="b">cbc</subfield>
            <subfield code="c">orignew</subfield>
            <subfield code="d">u</subfield>
            <subfield code="e">ocip</subfield>
            <subfield code="f">19</subfield>
            <subfield code="g">y-gencatlg</subfield>
          </datafield>
          <datafield tag="010" ind1=" " ind2=" ">
            <subfield code="a">   07011038 </subfield>
          </datafield>
          <datafield tag="040" ind1=" " ind2=" ">
            <subfield code="a">DLC/ICU</subfield>
            <subfield code="c">ICU</subfield>
            <subfield code="d">DLC</subfield>
          </datafield>
          <datafield tag="041" ind1="1" ind2=" ">
            <subfield code="a">engger</subfield>
          </datafield>
          <datafield tag="050" ind1="0" ind2="0">
            <subfield code="a">Q143.H5</subfield>
            <subfield code="b">K9</subfield>
          </datafield>
          <datafield tag="100" ind1="1" ind2=" ">
            <subfield code="a">Koenigsberger, Leo,</subfield>
            <subfield code="d">1837-1921.</subfield>
          </datafield>
          <datafield tag="240" ind1="1" ind2="0">
            <subfield code="a">Hermann von Helmholtz.</subfield>
            <subfield code="l">English</subfield>
          </datafield>
          <datafield tag="245" ind1="1" ind2="0">
            <subfield code="a">Hermann von Helmholtz,</subfield>
            <subfield code="c">by Leo Koenigsberger. Tr. by Frances A. Welby with a preface by Lord Kelvin.</subfield>
          </datafield>
          <datafield tag="260" ind1=" " ind2=" ">
            <subfield code="a">Oxford,</subfield>
            <subfield code="b">Clarendon press,</subfield>
            <subfield code="c">1906.</subfield>
          </datafield>
          <datafield tag="300" ind1=" " ind2=" ">
            <subfield code="a">xvii, [1], 440 p.</subfield>
            <subfield code="b">3 port. (incl. front.)</subfield>
            <subfield code="c">25 cm.</subfield>
          </datafield>
          <datafield tag="500" ind1=" " ind2=" ">
            <subfield code="a">"Chronological index to the scientific career of Hermann von Helmholtz": p. [vii]-xvii.</subfield>
          </datafield>
          <datafield tag="600" ind1="1" ind2="0">
            <subfield code="a">Helmholtz, Hermann von,</subfield>
            <subfield code="d">1821-1894.</subfield>
          </datafield>
          <datafield tag="700" ind1="1" ind2=" ">
            <subfield code="a">Welby, Frances A.</subfield>
            <subfield code="q">(Frances Alice),</subfield>
            <subfield code="e">tr.</subfield>
          </datafield>
          <datafield tag="991" ind1=" " ind2=" ">
            <subfield code="b">c-GenColl</subfield>
            <subfield code="h">Q143.H5</subfield>
            <subfield code="i">K9</subfield>
            <subfield code="t">Copy 1</subfield>
            <subfield code="w">BOOKS</subfield>
          </datafield>
        </record>
      </zs:recordData>
      <zs:recordPosition>9</zs:recordPosition>
    </zs:record>