
    <zs:record>
      <zs:recordSchema/>
      <zs:recordPacking>xml</zs:recordPacking>
      <zs:recordData>
        <record xmlns="http://www.loc.gov/MARC21/slim">
          <leader>02768cam a2200421 i 4500</leader>
          <controlfield tag="001">22465114</controlfield>
          <controlfield tag="005">20220825101516.0</controlfield>
          <controlfield tag="006">m    |o  d |      </controlfield>
          <controlfield tag="007">cr_|||||||||||</controlfield>
          <controlfield tag="008">220209s2023    enk     ob    001 0 eng  </controlfield>
          <datafield tag="906" ind1=" " ind2=" ">
            <subfield code="a">7</subfield>
            <subfield code="b">cbc</subfield>
            <subfield code="c">orignew</subfield>
            <subfield code="d">1</subfield>
            <subfield code="e">ecip</subfield>
            <subfield code="f">20</subfield>
            <subfield code="g">y-gencatlg</subfield>
          </datafield>
          <datafield tag="925" ind1="0" ind2=" ">
            <subfield code="a">acquire</subfield>
            <subfield code="e">ecip ebook</subfield>
            <subfield code="x">policy default</subfield>
          </datafield>
          <datafield tag="955" ind1=" " ind2=" ">
            <subfield code="a">ecip ebook 2022-03-14</subfield>
            <subfield code="f">xn11 2022-08-03 book rec'd (telework)</subfield>
          </datafield>
          <datafield tag="010" ind1=" " ind2=" ">
            <subfield code="a">  2022004355</subfield>
          </datafield>
          <datafield tag="020" ind1=" " ind2=" ">
            <subfield code="a">9781000618778</subfield>
            <subfield code="q">(epub)</subfield>
          </datafield>
          <datafield tag="020" ind1=" " ind2=" ">
            <subfield code="a">9781003039426</subfield>
            <subfield code="q">(ebook)</subfield>
          </datafield>
          <datafield tag="020" ind1=" " ind2=" ">
            <subfield code="a">9781000618761</subfield>
            <subfield code="q">(adobe pdf)</subfield>
          </datafield>
          <datafield tag="020" ind1=" " ind2=" ">
            <subfield code="z">9780367483371</subfield>
            <subfield code="q">(hardback)</subfield>
          </datafield>
          <datafield tag="020" ind1=" " ind2=" ">
            <subfield code="z">9780367483357</subfield>
            <subfield code="q">(paperback)</subfield>
          </datafield>
          <datafield tag="040" ind1=" " ind2=" ">
            <subfield code="a">DLC</subfield>
            <subfield code="b">eng</subfield>
            <subfield code="c">DLC</subfield>
            <subfield code="e">rda</subfield>
            <subfield code="d">DLC</subfield>
          </datafield>
          <datafield tag="042" ind1=" " ind2=" ">
            <subfield code="a">pcc</subfield>
          </datafield>
          <datafield tag="050" ind1="0" ind2="0">
            <subfield code="a">PN1995.9.T684</subfield>
          </datafield>
          <datafield tag="082" ind1="0" ind2="0">
            <subfield code="a">791.43/653</subfield>
            <subfield code="2">23/eng/20220210</subfield>
          </datafield>
          <datafield tag="100" ind1="1" ind2=" ">
            <subfield code="a">Richardson, Niall,</subfield>
            <subfield code="e">author.</subfield>
          </datafield>
          <datafield tag="245" ind1="1" ind2="0">
            <subfield code="a">Trans representations in contemporary popular cinema :</subfield>
            <subfield code="b">the transgender tipping point /</subfield>
            <subfield code="c">Niall Richardson and Frances Smith.</subfield>
          </datafield>
          <datafield tag="264" ind1=" " ind2="1">
            <subfield code="a">Abingdon, Oxon ;</subfield>
            <subfield code="a">New York :</subfield>
            <subfield code="b">Routledge,</subfield>
            <subfield code="c">2023.</subfield>
          </datafield>
          <datafield tag="300" ind1=" " ind2=" ">
            <subfield code="a">1 online resource</subfield>
          </datafield>
          <datafield tag="336" ind1=" " ind2=" ">
            <subfield code="a">text</subfield>
            <subfield code="b">txt</subfield>
            <subfield code="2">rdacontent</subfield>
          </datafield>
          <datafield tag="337" ind1=" " ind2=" ">
            <subfield code="a">computer</subfield>
            <subfield code="b">c</subfield>
            <subfield code="2">rdamedia</subfield>
          </datafield>
          <datafield tag="338" ind1=" " ind2=" ">
            <subfield code="a">online resource</subfield>
            <subfield code="b">cr</subfield>
            <subfield code="2">rdacarrier</subfield>
          </datafield>
          <datafield tag="504" ind1=" " ind2=" ">
            <subfield code="a">Includes bibliographical references and index.</subfield>
          </datafield>
          <datafield tag="520" ind1=" " ind2=" ">
            <subfield code="a">"Discussing contemporary popular films from Anglophonic, Asian, European and Latin American cinema, this book analyses trans themed fiction cinema that attempts to challenge, and even revise, transphobic stereotypes. Informed by key debates within transfeminism, queer theory and contemporary trans studies, this culturally oriented book critiques the representation of trans characters in a range of cinematic genres (the musical; period costume drama; road movies and action cinema) and discusses how trans identifications have been coded in specific narrative strategies (coming out narrative; coming of age drama; romance narratives). This timely discussion considers if we really have reached 'The Transgender Tipping Point' where the trans rights movement has attained such momentum that contemporary society is critically re-evaluating ideas of gendered identification. This is an important and accessible work for students studying courses in Gender Studies, Gender and Media and Gender and Pop Culture"--</subfield>
            <subfield code="c">Provided by publisher.</subfield>
          </datafield>
          <datafield tag="588" ind1=" " ind2=" ">
            <subfield code="a">Description based on print version record and CIP data provided by publisher.</subfield>
          </datafield>
          <datafield tag="650" ind1=" " ind2="0">
            <subfield code="a">Transgender people in motion pictures.</subfield>
          </datafield>
          <datafield tag="650" ind1=" " ind2="0">
            <subfield code="a">Gender identity in motion pictures.</subfield>
          </datafield>
          <datafield tag="700" ind1="1" ind2=" ">
            <subfield code="a">Smith, Frances</subfield>
            <subfield code="q">(Frances Catherine Elizabeth),</subfield>
            <subfield code="e">author.</subfield>
          </datafield>
          <datafield tag="776" ind1="0" ind2="8">
            <subfield code="i">Print version:</subfield>
            <subfield code="a">Richardson, Niall.</subfield>
            <subfield code="t">Trans representations in contemporary popular cinema</subfield>
            <subfield code="d">Abingdon, Oxon ; New York : Routledge, 2023</subfield>
            <subfield code="z">9780367483371</subfield>
            <subfield code="w">(DLC) 2022004354</subfield>
          </datafield>
          <datafield tag="985" ind1=" " ind2=" ">
            <subfield code="a">LC online resource</subfield>
            <subfield code="d">2022-03-14</subfield>
          </datafield>
        </record>
      </zs:recordData>
      <zs:recordPosition>12</zs:recordPosition>
    </zs:record>