
    <zs:record>
      <zs:recordSchema/>
      <zs:recordPacking>xml</zs:recordPacking>
      <zs:recordData>
        <record xmlns="http://www.loc.gov/MARC21/slim">
          <leader>00913cam a2200241u  4500</leader>
          <controlfield tag="001">10129559</controlfield>
          <controlfield tag="005">20090601141859.0</controlfield>
          <controlfield tag="008">830721s1922    mnu           000 0 eng  </controlfield>
          <datafield tag="035" ind1=" " ind2=" ">
            <subfield code="9">(DLC)   22004162</subfield>
          </datafield>
          <datafield tag="906" ind1=" " ind2=" ">
            <subfield code="a">0</subfield>
            <subfield code="b">cbc</subfield>
            <subfield code="c">premunv</subfield>
            <subfield code="d">u</subfield>
            <subfield code="e">ncip</subfield>
            <subfield code="f">19</subfield>
            <subfield code="g">y-gencatlg</subfield>
          </datafield>
          <datafield tag="010" ind1=" " ind2=" ">
            <subfield code="a">   22004162 </subfield>
          </datafield>
          <datafield tag="040" ind1=" " ind2=" ">
            <subfield code="a">DLC</subfield>
            <subfield code="c">CarP</subfield>
            <subfield code="d">DLC</subfield>
          </datafield>
          <datafield tag="050" ind1="0" ind2="0">
            <subfield code="a">CS71.W616</subfield>
            <subfield code="b">1922</subfield>
          </datafield>
          <datafield tag="100" ind1="1" ind2=" ">
            <subfield code="a">[Sinnett, Charles Nelson],</subfield>
            <subfield code="d">1847- [from old catalog]</subfield>
          </datafield>
          <datafield tag="245" ind1="0" ind2="0">
            <subfield code="a">Whitmore families.</subfield>
            <subfield code="b">Francis Whitmore of Maine; ancestry and descendants. Abram Whittemore of Maine. Whitmores in England.</subfield>
          </datafield>
          <datafield tag="260" ind1=" " ind2=" ">
            <subfield code="a">Brainerd, Minn.</subfield>
            <subfield code="c">[1922]</subfield>
          </datafield>
          <datafield tag="300" ind1=" " ind2=" ">
            <subfield code="a">101 l.</subfield>
            <subfield code="c">34 cm.</subfield>
          </datafield>
          <datafield tag="600" ind1="3" ind2="0">
            <subfield code="a">Whitmore family (Francis Whitmore, 1625-1685) [from old catalog]</subfield>
          </datafield>
          <datafield tag="600" ind1="3" ind2="0">
            <subfield code="a">Whitmore family (Abram Whittemore, fl. 1714) [from old catalog]</subfield>
          </datafield>
          <datafield tag="600" ind1="3" ind2="0">
            <subfield code="a">Whitmore family.</subfield>
          </datafield>
          <datafield tag="700" ind1="1" ind2=" ">
            <subfield code="a">Smith, Frances M. [from old catalog]</subfield>
          </datafield>
          <datafield tag="985" ind1=" " ind2=" ">
            <subfield code="g">fcd</subfield>
          </datafield>
          <datafield tag="991" ind1=" " ind2=" ">
            <subfield code="b">c-GenColl</subfield>
            <subfield code="h">CS71.W616</subfield>
            <subfield code="i">1922</subfield>
            <subfield code="t">Copy 1</subfield>
            <subfield code="w">PREM</subfield>
          </datafield>
        </record>
      </zs:recordData>
      <zs:recordPosition>14</zs:recordPosition>
    </zs:record>