
    <zs:record>
      <zs:recordSchema/>
      <zs:recordPacking>xml</zs:recordPacking>
      <zs:recordData>
        <record xmlns="http://www.loc.gov/MARC21/slim">
          <!-- Length implementation at offset 22 should hold a number. Assuming 0 -->
          <leader>01057cam a2200289 a 4500</leader>
          <controlfield tag="001">13854907</controlfield>
          <controlfield tag="005">20050926142732.0</controlfield>
          <controlfield tag="008">041020s2004    ie            000 0 eng d</controlfield>
          <datafield tag="906" ind1=" " ind2=" ">
            <subfield code="a">7</subfield>
            <subfield code="b">cbc</subfield>
            <subfield code="c">copycat</subfield>
            <subfield code="d">2</subfield>
            <subfield code="e">ncip</subfield>
            <subfield code="f">20</subfield>
            <subfield code="g">y-gencatlg</subfield>
          </datafield>
          <datafield tag="925" ind1="0" ind2=" ">
            <subfield code="a">acquire</subfield>
            <subfield code="b">1 shelf copy</subfield>
            <subfield code="x">policy default</subfield>
          </datafield>
          <datafield tag="955" ind1=" " ind2=" ">
            <subfield code="a">nb05 2005-01-31 to HLCD for processing</subfield>
            <subfield code="c">sf07 2005-07-21</subfield>
            <subfield code="d">sf09 2005-09-15</subfield>
            <subfield code="e">sf04 2005-09-20 to Dewey</subfield>
            <subfield code="a">aa25 2005-09-26</subfield>
          </datafield>
          <datafield tag="010" ind1=" " ind2=" ">
            <subfield code="a">  2005362502</subfield>
          </datafield>
          <datafield tag="020" ind1=" " ind2=" ">
            <subfield code="a">0954294572</subfield>
          </datafield>
          <datafield tag="035" ind1=" " ind2=" ">
            <subfield code="a">(OCoLC)ocm56779638</subfield>
          </datafield>
          <datafield tag="040" ind1=" " ind2=" ">
            <subfield code="a">IEKBA</subfield>
            <subfield code="c">IEKBA</subfield>
            <subfield code="d">DLC</subfield>
          </datafield>
          <datafield tag="043" ind1=" " ind2=" ">
            <subfield code="a">e-ie---</subfield>
          </datafield>
          <datafield tag="050" ind1="0" ind2="0">
            <subfield code="a">HV6626.23.I73</subfield>
            <subfield code="b">S55 2004</subfield>
          </datafield>
          <datafield tag="082" ind1="0" ind2="0">
            <subfield code="a">362.82/92092</subfield>
            <subfield code="a">B</subfield>
            <subfield code="2">22</subfield>
          </datafield>
          <datafield tag="100" ind1="1" ind2=" ">
            <subfield code="a">Smith, Frances.</subfield>
          </datafield>
          <datafield tag="245" ind1="1" ind2="0">
            <subfield code="a">In fear of her life :</subfield>
            <subfield code="b">the true story of a violent marriage /</subfield>
            <subfield code="c">Frances Smith with Erin McCafferty.</subfield>
          </datafield>
          <datafield tag="260" ind1=" " ind2=" ">
            <subfield code="a">[Ashbourne, Co. Meath] :</subfield>
            <subfield code="b">Maverick House,</subfield>
            <subfield code="c">[c2004]</subfield>
          </datafield>
          <datafield tag="300" ind1=" " ind2=" ">
            <subfield code="a">272 p. ;</subfield>
            <subfield code="c">21 cm.</subfield>
          </datafield>
          <datafield tag="600" ind1="1" ind2="0">
            <subfield code="a">Smith, Frances.</subfield>
          </datafield>
          <datafield tag="650" ind1=" " ind2="0">
            <subfield code="a">Abused wives</subfield>
            <subfield code="z">Ireland</subfield>
            <subfield code="z">Dublin</subfield>
            <subfield code="v">Biography.</subfield>
          </datafield>
          <datafield tag="650" ind1=" " ind2="0">
            <subfield code="a">Wife abuse</subfield>
            <subfield code="z">Ireland</subfield>
            <subfield code="z">Dublin.</subfield>
          </datafield>
          <datafield tag="700" ind1="1" ind2=" ">
            <subfield code="a">McCafferty, Erin.</subfield>
          </datafield>
          <datafield tag="923" ind1=" " ind2=" ">
            <subfield code="a">20041129</subfield>
            <subfield code="n">140015387</subfield>
            <subfield code="s">Kennys</subfield>
          </datafield>
        </record>
      </zs:recordData>
      <zs:recordPosition>16</zs:recordPosition>
    </zs:record>