
    <zs:record>
      <zs:recordSchema/>
      <zs:recordPacking>xml</zs:recordPacking>
      <zs:recordData>
        <record xmlns="http://www.loc.gov/MARC21/slim">
          <leader>05131cam a22003497a 4500</leader>
          <controlfield tag="001">13984338</controlfield>
          <controlfield tag="005">20190604093413.0</controlfield>
          <controlfield tag="007">cr |||||||||||</controlfield>
          <controlfield tag="008">050527s2005    dcu     sb   i000 0 eng  </controlfield>
          <datafield tag="906" ind1=" " ind2=" ">
            <subfield code="a">7</subfield>
            <subfield code="b">cbc</subfield>
            <subfield code="c">orignew</subfield>
            <subfield code="d">4</subfield>
            <subfield code="e">ncip</subfield>
            <subfield code="f">20</subfield>
            <subfield code="g">y-gencompf</subfield>
          </datafield>
          <datafield tag="925" ind1="0" ind2=" ">
            <subfield code="a">undetermined</subfield>
            <subfield code="x">CEI</subfield>
          </datafield>
          <datafield tag="955" ind1=" " ind2=" ">
            <subfield code="a">se01 2005-05-27 webcat</subfield>
            <subfield code="i">se01 2005-05-27</subfield>
            <subfield code="e">se01 2005-05-27</subfield>
          </datafield>
          <datafield tag="010" ind1=" " ind2=" ">
            <subfield code="a">  2005617222</subfield>
          </datafield>
          <datafield tag="040" ind1=" " ind2=" ">
            <subfield code="a">DLC</subfield>
            <subfield code="c">DLC</subfield>
            <subfield code="d">DLC</subfield>
          </datafield>
          <datafield tag="050" ind1="0" ind2="0">
            <subfield code="a">HB95</subfield>
          </datafield>
          <datafield tag="100" ind1="1" ind2=" ">
            <subfield code="a">Smith, Frances B.</subfield>
          </datafield>
          <datafield tag="245" ind1="1" ind2="0">
            <subfield code="a">CAFTA-DR</subfield>
            <subfield code="h">[electronic resource] :</subfield>
            <subfield code="b">can free trade hold up to special interest siege? /</subfield>
            <subfield code="c">by Frances B. Smith.</subfield>
          </datafield>
          <datafield tag="260" ind1=" " ind2=" ">
            <subfield code="a">Washington, D.C. :</subfield>
            <subfield code="b">Competitive Enterprise Institute,</subfield>
            <subfield code="c">[2005]</subfield>
          </datafield>
          <datafield tag="490" ind1="1" ind2=" ">
            <subfield code="a">Issue analysis,</subfield>
            <subfield code="x">1936-5055 ;</subfield>
            <subfield code="v">2005, no. 6</subfield>
          </datafield>
          <datafield tag="538" ind1=" " ind2=" ">
            <subfield code="a">System requirements: Adobe Acrobat Reader.</subfield>
          </datafield>
          <datafield tag="538" ind1=" " ind2=" ">
            <subfield code="a">Mode of access: World Wide Web.</subfield>
          </datafield>
          <datafield tag="500" ind1=" " ind2=" ">
            <subfield code="a">Title from PDF file as viewed on 5/27/2005.</subfield>
          </datafield>
          <datafield tag="500" ind1=" " ind2=" ">
            <subfield code="a">"May 26, 2005."</subfield>
          </datafield>
          <datafield tag="530" ind1=" " ind2=" ">
            <subfield code="a">Also available in print.</subfield>
          </datafield>
          <datafield tag="504" ind1=" " ind2=" ">
            <subfield code="a">Includes bibliographical references.</subfield>
          </datafield>
          <datafield tag="520" ind1="3" ind2=" ">
            <subfield code="a">"Since its signing almost a year ago, the U.S.-Central American and Dominican Republic Free Trade Agreement (CAFTA-DR) has been under heavy attack by labor unions, the sugar and textile lobbies, and some environmental groups, which have been hitting the treaty for not going far enough to protect American jobs as well as workers and the environment in the Central American countries of Guatemala, El Salvador, Honduras, Nicaragua, Costa Rica, and the later-added Dominican Republic.  Some politicians, facing furor over the agreement, are asking: Is the game worth the candle? If policy makers look past the heated rhetoric and focus on the reality, they will conclude that the trade agreement has more positives than negatives for American producers, workers, and consumers and for the people in the CAFTA-DR countries.  American producers would gain significantly greater market access for their exports, including farm exports, to CAFTA-DR countries, because of widespread elimina&amp;shy;tion and lowering of tariffs.  Further, since those countries already export the majority of their goods to the U.S.  duty-free, the trade agreement creates a better balance for the U.S.  The CAFTA-DR countries' commitments to open many of their markets to U.S.  goods and services are not insignificant: Together, they already represent the 10th largest market for U.S.  exports worldwide.  Freer trade will benefit consumers, households, and taxpayers in the U.S.  and the CAFTA-DR countries by giving them greater access to goods and services, reduc&amp;shy;ing prices, and providing significant welfare gains.  More open trade with the U.S.  would spur greater economic growth and improve incomes and employment opportunities in the CAFTA-DR countries.  CAFTA-DR would also establish stronger economic ties for the U.S.  with not only close trading partners but also close neighbors whose continuing economic and social stability is critical in the Western hemisphere.  On the world stage, ratifying CAFTA-DR would help the United States regain its leadership--and credibility--in pursuing freer agricultural trade through the World Trade Organization, due to hold its next Ministerial Meeting at the end of this year.  However, there are some downsides to the agreement that undermine the goal of more open trade.  For example, lengthy phase-outs of U.S.  import quotas and tariffs on "sensitive products " protect too many U.S.  special interests.  The treaty also goes beyond previous trade agreements in including detailed environmental and labor provisions that could retard economic growth in the CAFTA-DR countries.  Such provisions show a lack of recognition that trade and resultant economic growth can be critical in improving both the environment and the lives of workers.  Policy makers should be wary of using trade agreements as a big stick to pursue environmental and labor goals.  The regulatory costs of imposing rich coun&amp;shy;tries' standards on developing countries can act as non-tariff trade barriers that threaten the positive benefits of more open trade.  Trade expansion works when pursued through large multi-national agreements in which the rich and the poor countries get equal access to each other's markets.  But much trade is incremental and consists of bilateral and regional agreements that often are flawed, as CAFTA-DR undoubtedly is.  However, to reject CAFTA-DR at this point would be to turn our backs on the benefits of more open trade and cede the political playing field to protectionist interests--whether those protectionists are the sugar and textile industries or pressure groups seeking to promote their agendas, such as labor and the environment, by restricting trade"--Competitive Enterprise Institute web site.</subfield>
          </datafield>
          <datafield tag="630" ind1="0" ind2="0">
            <subfield code="a">Dominican Republic-Central America-United States Free Trade Agreement</subfield>
            <subfield code="d">(2004 August 5)</subfield>
          </datafield>
          <datafield tag="651" ind1=" " ind2="0">
            <subfield code="a">United States</subfield>
            <subfield code="x">Commercial treaties.</subfield>
          </datafield>
          <datafield tag="650" ind1=" " ind2="0">
            <subfield code="a">Free trade.</subfield>
          </datafield>
          <datafield tag="710" ind1="2" ind2=" ">
            <subfield code="a">Competitive Enterprise Institute.</subfield>
          </datafield>
          <datafield tag="830" ind1=" " ind2="0">
            <subfield code="a">Issue analysis (Competitive Enterprise Institute : Online) ;</subfield>
            <subfield code="v">2005/no. 6.</subfield>
          </datafield>
          <datafield tag="856" ind1="4" ind2="0">
            <subfield code="u">http://www.cei.org/gencon/025,04561.cfm</subfield>
          </datafield>
        </record>
      </zs:recordData>
      <zs:recordPosition>20</zs:recordPosition>
    </zs:record>