
    <zs:record>
      <zs:recordSchema/>
      <zs:recordPacking>xml</zs:recordPacking>
      <zs:recordData>
        <record xmlns="http://www.loc.gov/MARC21/slim">
          <leader>02307cam a2200457 i 4500</leader>
          <controlfield tag="001">21803995</controlfield>
          <controlfield tag="005">20210901142455.0</controlfield>
          <controlfield tag="008">201118s1967    ir a   j      001 0 per  </controlfield>
          <datafield tag="906" ind1=" " ind2=" ">
            <subfield code="a">7</subfield>
            <subfield code="b">cbc</subfield>
            <subfield code="c">orignew</subfield>
            <subfield code="d">2</subfield>
            <subfield code="e">ncip</subfield>
            <subfield code="f">20</subfield>
            <subfield code="g">y-nonroman</subfield>
          </datafield>
          <datafield tag="925" ind1="0" ind2=" ">
            <subfield code="a">acquire</subfield>
            <subfield code="b">1 shelf copy</subfield>
            <subfield code="x">policy default</subfield>
          </datafield>
          <datafield tag="955" ind1=" " ind2=" ">
            <subfield code="a">AMED;</subfield>
            <subfield code="b">cm03 2020-11-18;</subfield>
            <subfield code="i">cm03 2020-11-18 (TW situational) item barcode # added;</subfield>
            <subfield code="e">cm12 2021-09-01 to CabinBranch for FrankBkColl. (TW situational)</subfield>
          </datafield>
          <datafield tag="010" ind1=" " ind2=" ">
            <subfield code="a">  2020434677</subfield>
          </datafield>
          <datafield tag="040" ind1=" " ind2=" ">
            <subfield code="a">DLC</subfield>
            <subfield code="b">eng</subfield>
            <subfield code="e">rda</subfield>
            <subfield code="c">DLC</subfield>
          </datafield>
          <datafield tag="041" ind1="1" ind2=" ">
            <subfield code="a">per</subfield>
            <subfield code="h">eng</subfield>
          </datafield>
          <datafield tag="042" ind1=" " ind2=" ">
            <subfield code="a">pcc</subfield>
          </datafield>
          <datafield tag="043" ind1=" " ind2=" ">
            <subfield code="a">r------</subfield>
          </datafield>
          <datafield tag="050" ind1="0" ind2="0">
            <subfield code="a">G614</subfield>
            <subfield code="b">.S6166 1967</subfield>
          </datafield>
          <datafield tag="066" ind1=" " ind2=" ">
            <subfield code="c">(3</subfield>
            <subfield code="c">(4</subfield>
          </datafield>
          <datafield tag="100" ind1="1" ind2=" ">
            <subfield code="a">Smith, Frances C.,</subfield>
            <subfield code="d">1904-1986,</subfield>
            <subfield code="e">author</subfield>
          </datafield>
          <datafield tag="240" ind1="1" ind2="0">
            <subfield code="a">World of the Arctic.</subfield>
            <subfield code="l">Persian</subfield>
          </datafield>
          <datafield tag="245" ind1="1" ind2="0">
            <subfield code="6">880-01</subfield>
            <subfield code="a">Jahān-i yakhbandān-i shimāl =</subfield>
            <subfield code="b">The world of the Arctic /</subfield>
            <subfield code="c">as̲ar-i Firānsis Ismīt ; tarjumah-ʼi Ardashīr Zandniyā.</subfield>
          </datafield>
          <datafield tag="880" ind1="1" ind2="0">
            <subfield code="6">245-01/(3/r‏</subfield>
            <subfield code="a">‏جهان يخبندان شمال =</subfield>
            <subfield code="b">The world of the Arctic /‏</subfield>
            <subfield code="c">‏اثر فرانسس اسميت ؛ ترجمۀ اردشير زندنيا.</subfield>
          </datafield>
          <datafield tag="246" ind1="3" ind2=" ">
            <subfield code="a">Jahān-i yakhbandān-i shamāl</subfield>
          </datafield>
          <datafield tag="246" ind1="3" ind2=" ">
            <subfield code="a">Jahān-i yakhbandān-i shumāl</subfield>
          </datafield>
          <datafield tag="246" ind1="1" ind2="5">
            <subfield code="a">World of the Arctic</subfield>
          </datafield>
          <datafield tag="264" ind1=" " ind2="1">
            <subfield code="6">880-02</subfield>
            <subfield code="a">Tihrān :</subfield>
            <subfield code="b">Bungāh-i Tarjumah va Nashr-i Kitāb,</subfield>
            <subfield code="c">1967.</subfield>
          </datafield>
          <datafield tag="880" ind1=" " ind2="1">
            <subfield code="6">264-02/(3/r‏</subfield>
            <subfield code="a">‏تهران :‏</subfield>
            <subfield code="b">‏بنگاه ترجمه و نشر کتاب،‏</subfield>
            <subfield code="c">‏1967.</subfield>
          </datafield>
          <datafield tag="300" ind1=" " ind2=" ">
            <subfield code="a">227 pages :</subfield>
            <subfield code="b">illustrations ;</subfield>
            <subfield code="c">22 cm.</subfield>
          </datafield>
          <datafield tag="336" ind1=" " ind2=" ">
            <subfield code="a">text</subfield>
            <subfield code="b">txt</subfield>
            <subfield code="2">rdacontent</subfield>
          </datafield>
          <datafield tag="337" ind1=" " ind2=" ">
            <subfield code="a">unmediated</subfield>
            <subfield code="b">n</subfield>
            <subfield code="2">rdamedia</subfield>
          </datafield>
          <datafield tag="338" ind1=" " ind2=" ">
            <subfield code="a">volume</subfield>
            <subfield code="b">nc</subfield>
            <subfield code="2">rdacarrier</subfield>
          </datafield>
          <datafield tag="490" ind1="0" ind2=" ">
            <subfield code="6">880-03</subfield>
            <subfield code="a">Intishārāt-i Bungāh-i Tarjumah va Nashr-i Kitāb ;</subfield>
            <subfield code="v">275.</subfield>
            <subfield code="a">Majmūʻah-ʼi chihrah-ʼi milal ;</subfield>
            <subfield code="v">24</subfield>
          </datafield>
          <datafield tag="880" ind1="0" ind2=" ">
            <subfield code="6">490-03/(3/r‏</subfield>
            <subfield code="a">‏انتشارات بنگاه ترجمه و نشر کتاب ؛‏</subfield>
            <subfield code="v">‏275.‏</subfield>
            <subfield code="a">‏مجموعۀ چهرۀ ملل ؛‏</subfield>
            <subfield code="v">‏24</subfield>
          </datafield>
          <datafield tag="500" ind1=" " ind2=" ">
            <subfield code="a">Includes index.</subfield>
          </datafield>
          <datafield tag="500" ind1=" " ind2=" ">
            <subfield code="a">Library of Congress. Franklin Book Program Collection, no. P548.</subfield>
            <subfield code="5">DLC</subfield>
          </datafield>
          <datafield tag="546" ind1=" " ind2=" ">
            <subfield code="a">In Persian; translated from English.</subfield>
          </datafield>
          <datafield tag="561" ind1=" " ind2=" ">
            <subfield code="a">Donation of Franklin Book Program Collection, 1979.</subfield>
            <subfield code="5">DLC</subfield>
          </datafield>
          <datafield tag="651" ind1=" " ind2="0">
            <subfield code="a">Arctic regions</subfield>
            <subfield code="x">Juvenile literature.</subfield>
          </datafield>
          <datafield tag="700" ind1="1" ind2=" ">
            <subfield code="6">880-04</subfield>
            <subfield code="a">Zandniyā, Ardashīr,</subfield>
            <subfield code="e">translator.</subfield>
          </datafield>
          <datafield tag="880" ind1="1" ind2=" ">
            <subfield code="6">700-04/(3/r‏</subfield>
            <subfield code="a">‏زندنيا، اردشير.</subfield>
          </datafield>
          <datafield tag="710" ind1="2" ind2=" ">
            <subfield code="a">Franklin Book Program Collection (Library of Congress)</subfield>
            <subfield code="5">DLC</subfield>
          </datafield>
        </record>
      </zs:recordData>
      <zs:recordPosition>29</zs:recordPosition>
    </zs:record>