
    <zs:record>
      <zs:recordSchema/>
      <zs:recordPacking>xml</zs:recordPacking>
      <zs:recordData>
        <record xmlns="http://www.loc.gov/MARC21/slim">
          <leader>00550cam a22001813  4500</leader>
          <controlfield tag="001">14469745</controlfield>
          <controlfield tag="005">20060801182812.0</controlfield>
          <controlfield tag="008">060727s1933    mau           000 1 eng  </controlfield>
          <datafield tag="906" ind1=" " ind2=" ">
            <subfield code="a">0</subfield>
            <subfield code="b">cbc</subfield>
            <subfield code="c">premver</subfield>
            <subfield code="d">u</subfield>
            <subfield code="e">ncip</subfield>
            <subfield code="f">19</subfield>
            <subfield code="g">y-gencatlg</subfield>
          </datafield>
          <datafield tag="955" ind1=" " ind2=" ">
            <subfield code="a">input sc30 2006-07-27</subfield>
          </datafield>
          <datafield tag="010" ind1=" " ind2=" ">
            <subfield code="a">tmp96007169 </subfield>
          </datafield>
          <datafield tag="040" ind1=" " ind2=" ">
            <subfield code="a">DLC</subfield>
            <subfield code="c">DLC</subfield>
          </datafield>
          <datafield tag="050" ind1="0" ind2="0">
            <subfield code="a">PS635.Z9</subfield>
            <subfield code="b">S6474</subfield>
          </datafield>
          <datafield tag="100" ind1="1" ind2=" ">
            <subfield code="a">Smith, Frances Eckardt. [old catalog heading]</subfield>
          </datafield>
          <datafield tag="245" ind1="1" ind2="4">
            <subfield code="a">The reverend doctor ...</subfield>
          </datafield>
          <datafield tag="260" ind1=" " ind2=" ">
            <subfield code="a">Belchertown, Mass.,</subfield>
            <subfield code="b">Press of Lewis H. Blackmer,</subfield>
            <subfield code="c">1933.</subfield>
          </datafield>
          <datafield tag="300" ind1=" " ind2=" ">
            <subfield code="a">35 p.</subfield>
            <subfield code="c">23 cm</subfield>
          </datafield>
          <datafield tag="984" ind1=" " ind2=" ">
            <subfield code="a">Record input for BIP</subfield>
          </datafield>
        </record>
      </zs:recordData>
      <zs:recordPosition>31</zs:recordPosition>
    </zs:record>