
    <zs:record>
      <zs:recordSchema/>
      <zs:recordPacking>xml</zs:recordPacking>
      <zs:recordData>
        <record xmlns="http://www.loc.gov/MARC21/slim">
          <leader>03067cam a22004338i 4500</leader>
          <controlfield tag="001">21348968</controlfield>
          <controlfield tag="005">20200106174133.0</controlfield>
          <controlfield tag="008">191224s2020    enk      b    001 0 eng  </controlfield>
          <datafield tag="906" ind1=" " ind2=" ">
            <subfield code="a">7</subfield>
            <subfield code="b">cbc</subfield>
            <subfield code="c">orignew</subfield>
            <subfield code="d">1</subfield>
            <subfield code="e">ecip</subfield>
            <subfield code="f">20</subfield>
            <subfield code="g">y-gencatlg</subfield>
          </datafield>
          <datafield tag="925" ind1="0" ind2=" ">
            <subfield code="a">acquire</subfield>
            <subfield code="b">1 shelf copy</subfield>
            <subfield code="x">policy default</subfield>
          </datafield>
          <datafield tag="955" ind1=" " ind2=" ">
            <subfield code="b">LBSOR 2019-12-24</subfield>
            <subfield code="e">xk34 2020-01-02 to Dewey</subfield>
            <subfield code="w">xm07 2020-01-06</subfield>
          </datafield>
          <datafield tag="010" ind1=" " ind2=" ">
            <subfield code="a">  2019049478</subfield>
          </datafield>
          <datafield tag="020" ind1=" " ind2=" ">
            <subfield code="a">9781138491960</subfield>
            <subfield code="q">(hardback)</subfield>
          </datafield>
          <datafield tag="020" ind1=" " ind2=" ">
            <subfield code="z">9781351031622</subfield>
            <subfield code="q">(ebook)</subfield>
          </datafield>
          <datafield tag="040" ind1=" " ind2=" ">
            <subfield code="a">LBSOR/DLC</subfield>
            <subfield code="b">eng</subfield>
            <subfield code="e">rda</subfield>
            <subfield code="c">DLC</subfield>
          </datafield>
          <datafield tag="042" ind1=" " ind2=" ">
            <subfield code="a">pcc</subfield>
          </datafield>
          <datafield tag="043" ind1=" " ind2=" ">
            <subfield code="a">e-fr---</subfield>
          </datafield>
          <datafield tag="050" ind1="0" ind2="0">
            <subfield code="a">PN1997.2.B344</subfield>
            <subfield code="b">S65 2020</subfield>
          </datafield>
          <datafield tag="082" ind1="0" ind2="0">
            <subfield code="a">791.43/72</subfield>
            <subfield code="2">23</subfield>
          </datafield>
          <datafield tag="100" ind1="1" ind2=" ">
            <subfield code="a">Smith, Frances</subfield>
            <subfield code="q">(Frances Catherine Elizabeth),</subfield>
            <subfield code="e">author.</subfield>
          </datafield>
          <datafield tag="245" ind1="1" ind2="0">
            <subfield code="a">Bande de filles :</subfield>
            <subfield code="b">girlhood identities in contemporary France /</subfield>
            <subfield code="c">Frances Smith.</subfield>
          </datafield>
          <datafield tag="263" ind1=" " ind2=" ">
            <subfield code="a">2004</subfield>
          </datafield>
          <datafield tag="264" ind1=" " ind2="1">
            <subfield code="a">Abingdon, Oxon ;</subfield>
            <subfield code="a">New York, NY :</subfield>
            <subfield code="b">Routledge,</subfield>
            <subfield code="c">2020.</subfield>
          </datafield>
          <datafield tag="300" ind1=" " ind2=" ">
            <subfield code="a">pages cm.</subfield>
          </datafield>
          <datafield tag="336" ind1=" " ind2=" ">
            <subfield code="a">text</subfield>
            <subfield code="b">txt</subfield>
            <subfield code="2">rdacontent</subfield>
          </datafield>
          <datafield tag="337" ind1=" " ind2=" ">
            <subfield code="a">unmediated</subfield>
            <subfield code="b">n</subfield>
            <subfield code="2">rdamedia</subfield>
          </datafield>
          <datafield tag="338" ind1=" " ind2=" ">
            <subfield code="a">volume</subfield>
            <subfield code="b">nc</subfield>
            <subfield code="2">rdacarrier</subfield>
          </datafield>
          <datafield tag="490" ind1="0" ind2=" ">
            <subfield code="a">Cinema and youth studies</subfield>
          </datafield>
          <datafield tag="504" ind1=" " ind2=" ">
            <subfield code="a">Includes bibliographical references and index.</subfield>
          </datafield>
          <datafield tag="505" ind1="0" ind2=" ">
            <subfield code="a">Contextualising Bande de filles/Girlhood -- Céline Sciamma's coming-of-age texts -- Feminising the banlieue in Bande de filles/Girlhood -- Solidarity and violence in Bande de filles/Girlhood -- Music and the transnational in Bande de filles/Girlhood -- Gender fluidity and queer girlhood in Bande de filles/Girlhood.</subfield>
          </datafield>
          <datafield tag="520" ind1=" " ind2=" ">
            <subfield code="a">"Few films in the twenty-first century have represented coming-of-age with the beauty and brutality of Bande de Filles (or Girlhood). This book provides an in-depth examination of Céline Sciamma's film, focusing on its portrayal of female adolescence in contemporary Paris. Motivated by the absence of black female characters in French cinema, Sciamma represents the lives of figures that have passed largely unnoticed on the big screen. While observing the girls' tough circumstances, Sciamma's film emphasises the joy and camaraderie found in female friendships. This book places Girlhood in its cinematic, as well as its sociocultural context. Pop music, urban violence, and female friendships are all considered here in a book draws out the complexity of Sciamma's deceptively simple portrayal of coming-of-age. Thoughtful, concise, and deeply contemporary, this book is perfect for students, scholars, and general readers interested in youth cultures, European cinema, gender and sexuality"--</subfield>
            <subfield code="c">Provided by publisher.</subfield>
          </datafield>
          <datafield tag="600" ind1="1" ind2="0">
            <subfield code="a">Sciamma, Céline,</subfield>
            <subfield code="d">1980-</subfield>
            <subfield code="x">Criticism and interpretation.</subfield>
          </datafield>
          <datafield tag="630" ind1="0" ind2="0">
            <subfield code="a">Bande de filles (Motion picture)</subfield>
          </datafield>
          <datafield tag="650" ind1=" " ind2="0">
            <subfield code="a">Coming-of-age films</subfield>
            <subfield code="z">France</subfield>
            <subfield code="x">History and criticism.</subfield>
          </datafield>
          <datafield tag="650" ind1=" " ind2="0">
            <subfield code="a">Teenage girls in motion pictures.</subfield>
          </datafield>
          <datafield tag="650" ind1=" " ind2="0">
            <subfield code="a">Teenage girls, Black</subfield>
            <subfield code="z">France</subfield>
            <subfield code="z">Paris</subfield>
            <subfield code="x">Social conditions</subfield>
            <subfield code="y">21st century.</subfield>
          </datafield>
          <datafield tag="650" ind1=" " ind2="0">
            <subfield code="a">Motion pictures</subfield>
            <subfield code="z">France</subfield>
            <subfield code="x">History</subfield>
            <subfield code="y">21st century.</subfield>
          </datafield>
          <datafield tag="776" ind1="0" ind2="8">
            <subfield code="i">Online version:</subfield>
            <subfield code="a">Smith, Frances (Frances Catherine Elizabeth).</subfield>
            <subfield code="t">Bande de filles.</subfield>
            <subfield code="d">Abingdon, Oxon ; New York, NY : Routledge, 2020.</subfield>
            <subfield code="z">9781351031622</subfield>
            <subfield code="w">(DLC) 2019049479</subfield>
          </datafield>
          <datafield tag="985" ind1=" " ind2=" ">
            <subfield code="a">LBSORCIP</subfield>
            <subfield code="d">2019-12-24</subfield>
          </datafield>
        </record>
      </zs:recordData>
      <zs:recordPosition>32</zs:recordPosition>
    </zs:record>