
    <zs:record>
      <zs:recordSchema/>
      <zs:recordPacking>xml</zs:recordPacking>
      <zs:recordData>
        <record xmlns="http://www.loc.gov/MARC21/slim">
          <leader>00931cam a2200265 a 4500</leader>
          <controlfield tag="001">2778462</controlfield>
          <controlfield tag="005">20061222150718.0</controlfield>
          <controlfield tag="008">810731s1980    onca     b    001 0beng  </controlfield>
          <datafield tag="035" ind1=" " ind2=" ">
            <subfield code="9">(DLC)   80153957</subfield>
          </datafield>
          <datafield tag="906" ind1=" " ind2=" ">
            <subfield code="a">7</subfield>
            <subfield code="b">cbc</subfield>
            <subfield code="c">orignew</subfield>
            <subfield code="d">3</subfield>
            <subfield code="e">ncip</subfield>
            <subfield code="f">19</subfield>
            <subfield code="g">y-gencatlg</subfield>
          </datafield>
          <datafield tag="010" ind1=" " ind2=" ">
            <subfield code="a">   80153957 </subfield>
          </datafield>
          <datafield tag="015" ind1=" " ind2=" ">
            <subfield code="a">C***</subfield>
          </datafield>
          <datafield tag="020" ind1=" " ind2=" ">
            <subfield code="a">092088606X :</subfield>
            <subfield code="c">$29.95</subfield>
          </datafield>
          <datafield tag="040" ind1=" " ind2=" ">
            <subfield code="a">DLC</subfield>
            <subfield code="c">DLC</subfield>
            <subfield code="d">DLC</subfield>
          </datafield>
          <datafield tag="050" ind1="0" ind2="0">
            <subfield code="a">N6549.B53</subfield>
            <subfield code="b">S6</subfield>
          </datafield>
          <datafield tag="082" ind1="0" ind2="0">
            <subfield code="a">709/.2/4</subfield>
            <subfield code="a">B</subfield>
            <subfield code="2">19</subfield>
          </datafield>
          <datafield tag="100" ind1="1" ind2=" ">
            <subfield code="a">Smith, Frances K.</subfield>
          </datafield>
          <datafield tag="245" ind1="0" ind2="0">
            <subfield code="a">André Bieler :</subfield>
            <subfield code="b">an artist's life and times /</subfield>
            <subfield code="c">by Frances K. Smith ; introduction by Michael Bell.</subfield>
          </datafield>
          <datafield tag="260" ind1=" " ind2=" ">
            <subfield code="a">Toronto ;</subfield>
            <subfield code="a">New York :</subfield>
            <subfield code="b">Merritt Pub. Co. ;</subfield>
            <subfield code="a">[Rexdale, Ont.] :</subfield>
            <subfield code="b">distributed by J. Wiley,</subfield>
            <subfield code="c">c1980.</subfield>
          </datafield>
          <datafield tag="300" ind1=" " ind2=" ">
            <subfield code="a">176 p. :</subfield>
            <subfield code="b">ill. (some col.) ;</subfield>
            <subfield code="c">30 cm.</subfield>
          </datafield>
          <datafield tag="504" ind1=" " ind2=" ">
            <subfield code="a">Bibliography: p. 170.</subfield>
          </datafield>
          <datafield tag="500" ind1=" " ind2=" ">
            <subfield code="a">Includes index.</subfield>
          </datafield>
          <datafield tag="600" ind1="1" ind2="0">
            <subfield code="a">Biéler, André Charles,</subfield>
            <subfield code="d">1896-</subfield>
          </datafield>
          <datafield tag="650" ind1=" " ind2="0">
            <subfield code="a">Artists</subfield>
            <subfield code="z">Canada</subfield>
            <subfield code="x">Biography.</subfield>
          </datafield>
          <datafield tag="991" ind1=" " ind2=" ">
            <subfield code="b">c-GenColl</subfield>
            <subfield code="h">N6549.B53</subfield>
            <subfield code="i">S6</subfield>
            <subfield code="t">Copy 1</subfield>
            <subfield code="w">BOOKS</subfield>
          </datafield>
        </record>
      </zs:recordData>
      <zs:recordPosition>40</zs:recordPosition>
    </zs:record>