
    <zs:record>
      <zs:recordSchema/>
      <zs:recordPacking>xml</zs:recordPacking>
      <zs:recordData>
        <record xmlns="http://www.loc.gov/MARC21/slim">
          <leader>02171cam a22004577a 4500</leader>
          <controlfield tag="001">14541423</controlfield>
          <controlfield tag="005">20090811093930.0</controlfield>
          <controlfield tag="007">vd cvaiz|</controlfield>
          <controlfield tag="008">060907s2006    nyuac    b    001 0beng  </controlfield>
          <datafield tag="906" ind1=" " ind2=" ">
            <subfield code="a">7</subfield>
            <subfield code="b">cbc</subfield>
            <subfield code="c">copycat</subfield>
            <subfield code="d">2</subfield>
            <subfield code="e">ncip</subfield>
            <subfield code="f">20</subfield>
            <subfield code="g">y-gencatlg</subfield>
          </datafield>
          <datafield tag="925" ind1="0" ind2=" ">
            <subfield code="a">acquire</subfield>
            <subfield code="b">2 shelf copies</subfield>
            <subfield code="x">policy default</subfield>
          </datafield>
          <datafield tag="955" ind1=" " ind2=" ">
            <subfield code="a">nb01 2006-10-31 1st copy forward to RCCD;</subfield>
            <subfield code="a">jh00 2006-11-09;</subfield>
            <subfield code="a">jh32 2006-12-22 z-processor;</subfield>
            <subfield code="i">jh32 2006-12-22/jh12;</subfield>
            <subfield code="e">jh32 2006-12-22/jh12 to BCCD</subfield>
            <subfield code="a">jh32 2007-01-03 accompanying videorecording sent to MBRS; qu74 2007-02-16</subfield>
          </datafield>
          <datafield tag="010" ind1=" " ind2=" ">
            <subfield code="a">  2006497024</subfield>
          </datafield>
          <datafield tag="020" ind1=" " ind2=" ">
            <subfield code="a">1554072328</subfield>
          </datafield>
          <datafield tag="020" ind1=" " ind2=" ">
            <subfield code="a">9781554072323</subfield>
          </datafield>
          <datafield tag="035" ind1=" " ind2=" ">
            <subfield code="a">(CStRLIN)NYMA15851400-B</subfield>
          </datafield>
          <datafield tag="035" ind1=" " ind2=" ">
            <subfield code="a">(NNMM).b15851400</subfield>
          </datafield>
          <datafield tag="040" ind1=" " ind2=" ">
            <subfield code="a">NLC</subfield>
            <subfield code="b">eng</subfield>
            <subfield code="c">NLC</subfield>
            <subfield code="d">DLC</subfield>
          </datafield>
          <datafield tag="042" ind1=" " ind2=" ">
            <subfield code="a">lccopycat</subfield>
          </datafield>
          <datafield tag="043" ind1=" " ind2=" ">
            <subfield code="a">n-cn-qu</subfield>
          </datafield>
          <datafield tag="050" ind1="0" ind2="0">
            <subfield code="a">N6549.B53</subfield>
            <subfield code="b">S6 2006</subfield>
          </datafield>
          <datafield tag="100" ind1="1" ind2=" ">
            <subfield code="a">Smith, Frances K.</subfield>
          </datafield>
          <datafield tag="245" ind1="1" ind2="0">
            <subfield code="a">André Biéler :</subfield>
            <subfield code="b">an artist's life and times /</subfield>
            <subfield code="c">Frances K. Smith ; introduction by David Karel ; epilogue by Ted Biéler.</subfield>
          </datafield>
          <datafield tag="246" ind1="1" ind2=" ">
            <subfield code="i">Title on videodisc:</subfield>
            <subfield code="a">Couleurs du sang</subfield>
          </datafield>
          <datafield tag="246" ind1="1" ind2=" ">
            <subfield code="i">Title on videodisc:</subfield>
            <subfield code="a">Art of time</subfield>
          </datafield>
          <datafield tag="250" ind1=" " ind2=" ">
            <subfield code="a">[New ed.] /</subfield>
            <subfield code="b">edited by Philippe Baylaucq.</subfield>
          </datafield>
          <datafield tag="260" ind1=" " ind2=" ">
            <subfield code="a">Buffalo, N.Y. :</subfield>
            <subfield code="b">Firefly Books,</subfield>
            <subfield code="c">2006.</subfield>
          </datafield>
          <datafield tag="300" ind1=" " ind2=" ">
            <subfield code="a">xxxv, 355 p. :</subfield>
            <subfield code="b">ill. (some col.), ports ;</subfield>
            <subfield code="c">29 cm. +</subfield>
            <subfield code="e">1 videodisc (DVD, ca. 53 min. : sd., col. ; 4 3/4 in.)</subfield>
          </datafield>
          <datafield tag="508" ind1=" " ind2=" ">
            <subfield code="a">Writer and directer, Philippe Baylaucq.</subfield>
          </datafield>
          <datafield tag="500" ind1=" " ind2=" ">
            <subfield code="a">Issued also in French under title: André Biéler : un artiste et son époque.</subfield>
          </datafield>
          <datafield tag="504" ind1=" " ind2=" ">
            <subfield code="a">Includes bibliographical references (p. 338-339) and indexes.</subfield>
          </datafield>
          <datafield tag="546" ind1=" " ind2=" ">
            <subfield code="a">Videorecording in French and English.</subfield>
          </datafield>
          <datafield tag="600" ind1="1" ind2="0">
            <subfield code="a">Biéler, André Charles,</subfield>
            <subfield code="d">1896-</subfield>
          </datafield>
          <datafield tag="650" ind1=" " ind2="0">
            <subfield code="a">Artists</subfield>
            <subfield code="z">Québec (Province)</subfield>
            <subfield code="v">Biography.</subfield>
          </datafield>
          <datafield tag="700" ind1="1" ind2=" ">
            <subfield code="a">Biéler, André Charles,</subfield>
            <subfield code="d">1896-</subfield>
          </datafield>
          <datafield tag="700" ind1="1" ind2=" ">
            <subfield code="a">Karel, David.</subfield>
          </datafield>
          <datafield tag="700" ind1="1" ind2=" ">
            <subfield code="a">Baylaucq, Philippe.</subfield>
          </datafield>
          <datafield tag="856" ind1="4" ind2="2">
            <subfield code="3">Contributor biographical information</subfield>
            <subfield code="u">http://www.loc.gov/catdir/enhancements/fy0704/2006497024-b.html</subfield>
          </datafield>
          <datafield tag="856" ind1="4" ind2="2">
            <subfield code="3">Publisher description</subfield>
            <subfield code="u">http://www.loc.gov/catdir/enhancements/fy0704/2006497024-d.html</subfield>
          </datafield>
          <datafield tag="856" ind1="4" ind2="1">
            <subfield code="3">Table of contents only</subfield>
            <subfield code="u">http://www.loc.gov/catdir/enhancements/fy0704/2006497024-t.html</subfield>
          </datafield>
          <datafield tag="923" ind1=" " ind2=" ">
            <subfield code="d">20061017</subfield>
            <subfield code="n">I-20014694</subfield>
            <subfield code="s">Coutts</subfield>
          </datafield>
        </record>
      </zs:recordData>
      <zs:recordPosition>41</zs:recordPosition>
    </zs:record>