
    <zs:record>
      <zs:recordSchema/>
      <zs:recordPacking>xml</zs:recordPacking>
      <zs:recordData>
        <record xmlns="http://www.loc.gov/MARC21/slim">
          <leader>01177nam a2200277 i 4500</leader>
          <controlfield tag="001">1766270</controlfield>
          <controlfield tag="005">19760730000000.0</controlfield>
          <controlfield tag="008">760723s1975    onca     bc   000 0 eng  </controlfield>
          <datafield tag="035" ind1=" " ind2=" ">
            <subfield code="9">(DLC)   76362469</subfield>
          </datafield>
          <datafield tag="906" ind1=" " ind2=" ">
            <subfield code="a">7</subfield>
            <subfield code="b">cbc</subfield>
            <subfield code="c">orignew</subfield>
            <subfield code="d">u</subfield>
            <subfield code="e">ncip</subfield>
            <subfield code="f">19</subfield>
            <subfield code="g">y-gencatlg</subfield>
          </datafield>
          <datafield tag="010" ind1=" " ind2=" ">
            <subfield code="a">   76362469 </subfield>
          </datafield>
          <datafield tag="015" ind1=" " ind2=" ">
            <subfield code="a">C***</subfield>
          </datafield>
          <datafield tag="040" ind1=" " ind2=" ">
            <subfield code="a">DLC</subfield>
            <subfield code="c">DLC</subfield>
            <subfield code="d">DLC</subfield>
          </datafield>
          <datafield tag="050" ind1="0" ind2="0">
            <subfield code="a">N6797.W45</subfield>
            <subfield code="b">S54</subfield>
          </datafield>
          <datafield tag="082" ind1="0" ind2="0">
            <subfield code="a">760/.092/4</subfield>
          </datafield>
          <datafield tag="100" ind1="1" ind2=" ">
            <subfield code="a">Smith, Frances K.</subfield>
          </datafield>
          <datafield tag="245" ind1="0" ind2="0">
            <subfield code="a">George Harlow White, RCA, 1817-1887 /</subfield>
            <subfield code="c">by Frances K. Smith.</subfield>
          </datafield>
          <datafield tag="260" ind1=" " ind2=" ">
            <subfield code="a">Kingston, Ont. :</subfield>
            <subfield code="b">Agnes Etherington Art Centre, Queen's University,</subfield>
            <subfield code="c">1975.</subfield>
          </datafield>
          <datafield tag="300" ind1=" " ind2=" ">
            <subfield code="a">43, [1] p. :</subfield>
            <subfield code="b">ill. ;</subfield>
            <subfield code="c">27 cm.</subfield>
          </datafield>
          <datafield tag="490" ind1="1" ind2=" ">
            <subfield code="a">Occasional paper - Agnes Etherington Art Centre ; 2</subfield>
          </datafield>
          <datafield tag="500" ind1=" " ind2=" ">
            <subfield code="a">Catalog for an exhibition held at the Robert McLaughlin Gallery, Oshawa, Ont., Sept. 24-Nov. 2, 1975, and at the Agnes Etherington Art Centre, Queen's University, Kingston, Nov. 9-Dec. 31, 1975.</subfield>
          </datafield>
          <datafield tag="504" ind1=" " ind2=" ">
            <subfield code="a">Bibliography: p. [44]</subfield>
          </datafield>
          <datafield tag="600" ind1="1" ind2="0">
            <subfield code="a">White, George Harlow,</subfield>
            <subfield code="d">1817-1887.</subfield>
          </datafield>
          <datafield tag="700" ind1="1" ind2=" ">
            <subfield code="a">White, George Harlow,</subfield>
            <subfield code="d">1817-1887.</subfield>
          </datafield>
          <datafield tag="810" ind1="2" ind2=" ">
            <subfield code="a">Agnes Etherington Art Centre.</subfield>
            <subfield code="t">Occasional paper - Agnes Etherington Art Centre ;</subfield>
            <subfield code="v">2.</subfield>
          </datafield>
          <datafield tag="991" ind1=" " ind2=" ">
            <subfield code="b">c-GenColl</subfield>
            <subfield code="h">N6797.W45</subfield>
            <subfield code="i">S54</subfield>
            <subfield code="t">Copy 1</subfield>
            <subfield code="w">BOOKS</subfield>
          </datafield>
        </record>
      </zs:recordData>
      <zs:recordPosition>43</zs:recordPosition>
    </zs:record>